@ONLINE {CodeToLearnGH,
    author = "Rishit Dagli",
    title  = "Code-to-Learn-2020",
    month  = "08",
    year   = "2020",
    url    = "https://github.com/Rishit-dagli/Code-to-Learn-2020"
}

